<?xml version="1.0" encoding="UTF-8"?><collection xmlns="http://www.loc.gov/MARC21/slim"><record><leader>00415nam--2200133-i-4500</leader><controlfield tag="001">000017935</controlfield><controlfield tag="002">20161230</controlfield><controlfield tag="005">20170111223433</controlfield><controlfield tag="008">060222s1000------------r-----000-0-eng-d</controlfield><datafield ind1=" " ind2=" " tag="245"><subfield code="a">Electronic circuits and tubes. By the electronics training staff of the cruft laboratory. Harvard University</subfield></datafield><datafield ind1=" " ind2=" " tag="260"><subfield code="a">New York</subfield><subfield code="b">McGraw Hill</subfield><subfield code="c">1947</subfield></datafield><datafield ind1=" " ind2=" " tag="300"><subfield code="a">XXIV + 994 p.nCu Fig</subfield></datafield><datafield ind1=" " ind2=" " tag="852"><subfield code="a">11824</subfield></datafield><datafield ind1=" " ind2=" " tag="CAT"><subfield code="a">SYS</subfield><subfield code="c">20170111</subfield><subfield code="h">223433</subfield></datafield></record></collection>